<record><leader>00000cas a22000007a 4500</leader><controlfield tag="001">12741292</controlfield><controlfield tag="008">851031d18311835pauwr ne      0    0eng d</controlfield><controlfield tag="009">5601</controlfield><datafield ind1=" " ind2=" " tag="010"><subfield code="a">sn 86071302 </subfield></datafield><datafield ind1=" " ind2=" " tag="040"><subfield code="a">NPH</subfield><subfield code="b">eng</subfield><subfield code="c">NPH</subfield><subfield code="d">DLC</subfield></datafield><datafield ind1="1" ind2=" " tag="029"><subfield code="a">AU@</subfield><subfield code="b">000025834059</subfield></datafield><datafield ind1=" " ind2=" " tag="042"><subfield code="a">msc</subfield></datafield><datafield ind1="0" ind2="0" tag="050"><subfield code="a">Newspaper 9395</subfield></datafield><datafield ind1="0" ind2=" " tag="130"><subfield code="a">Carlisle Republican (Carlisle, Pa. : 1831)</subfield></datafield><datafield ind1="0" ind2="0" tag="245"><subfield code="a">Carlisle Republican.</subfield></datafield><datafield ind1=" " ind2=" " tag="260"><subfield code="a">Carlisle, Pa. :</subfield><subfield code="b">J. Crever &amp; Co,</subfield><subfield code="c">1831-1835.</subfield></datafield><datafield ind1=" " ind2=" " tag="300"><subfield code="a">5 v. ;</subfield><subfield code="c">53 cm.</subfield></datafield><datafield ind1=" " ind2=" " tag="310"><subfield code="a">Weekly</subfield></datafield><datafield ind1="0" ind2=" " tag="362"><subfield code="a">Vol. 2, no. 4 (Feb. 17, 1831)-v. 6, no. 26 (Aug. 5, 1835).</subfield></datafield><datafield ind1=" " ind2=" " tag="752"><subfield code="a">United States</subfield><subfield code="b">Pennsylvania</subfield><subfield code="c">Cumberland</subfield><subfield code="d">Carlisle.</subfield></datafield><datafield ind1="0" ind2="0" tag="780"><subfield code="t">Carlisle Republican, and farmers' and mechanics' gazette</subfield><subfield code="w">(DLC)sn 86071301</subfield></datafield><datafield ind1="0" ind2="0" tag="785"><subfield code="t">Republican (Carlisle, Pa. : 1835)</subfield><subfield code="w">(DLC)sn 86071303</subfield></datafield></record>